<record><leader>00000cas a22000007a 4500</leader><controlfield tag="001">12213510</controlfield><controlfield tag="008">850628d18961897mtuwr ne      0    0eng d</controlfield><datafield ind1=" " ind2=" " tag="010"><subfield code="a">sn 85053175 </subfield></datafield><datafield ind1=" " ind2=" " tag="040"><subfield code="a">MTL</subfield><subfield code="b">eng</subfield><subfield code="c">MTL</subfield><subfield code="d">OCLCQ</subfield></datafield><datafield ind1=" " ind2=" " tag="042"><subfield code="a">msc</subfield></datafield><datafield ind1="0" ind2=" " tag="130"><subfield code="a">Harlem news (Harlem, Mont. : 1896)</subfield></datafield><datafield ind1="1" ind2="4" tag="245"><subfield code="a">The Harlem news.</subfield></datafield><datafield ind1=" " ind2=" " tag="260"><subfield code="a">Harlem, Mont. :</subfield><subfield code="b">D. Axtell</subfield></datafield><datafield ind1=" " ind2=" " tag="300"><subfield code="a">v. :</subfield><subfield code="b">ill. (chiefly ads.)</subfield></datafield><datafield ind1=" " ind2=" " tag="310"><subfield code="a">Weekly</subfield></datafield><datafield ind1="1" ind2=" " tag="362"><subfield code="a">Began in Oct. 1896; ceased in Mar. 1897.</subfield><subfield code="z">Cf. Chinook opinion, Oct. 15, 1896 and Mar. 18, 1897.</subfield></datafield><datafield ind1=" " ind2=" " tag="588"><subfield code="a">Description based on: Vol. 1, no. 2 (Oct. 15, 1896).</subfield></datafield><datafield ind1=" " ind2=" " tag="752"><subfield code="a">United States</subfield><subfield code="b">Montana</subfield><subfield code="c">Blaine</subfield><subfield code="d">Harlem.</subfield></datafield><datafield ind1="0" ind2="7" tag="785"><subfield code="t">Havre herald (Havre, Mont. : 1892)</subfield><subfield code="w">(DLC)sn 84036161</subfield></datafield><datafield ind1="0" ind2="7" tag="785"><subfield code="t">Milk River eagle</subfield><subfield code="w">(DLC)sn 84036163</subfield></datafield><datafield ind1="1" ind2=" " tag="029"><subfield code="a">AU@</subfield><subfield code="b">000025792729</subfield></datafield></record>